@article{ arulkumaran:survey,
  author = "Kai Arulkumaran and
            Marc Peter Deisenroth and
            Miles Brundage and
            Anil Anthony Bharath",
  title = "Deep Reinforcement Learning: A Brief Survey",
  journal = "IEEE Signal Processing Magazine",
  volume = "34",
  number = "6",
  pages = "26--38",
  month = "November",
  year = "2017"
}

@inproceedings{ chaplot:complex,
  author = "Devendra Singh Chaplot and 
            Guillaume Lample and
            Kanthashree Mysore Sathyendra and
            Ruslan Salakhutdinov",
  title = "Transfer Deep Reinforcement Learning in 3D Environments: An Empirical Study",
  booktitle = "Proceedings of the 30th Conference on Neural Information Processing Systems (NIPS)",
  address = "Barcelona, Spain",
  year = "2016"
}

% How are archiv articles to be cited? It said that unpublished works should not be included, is that this one as well?
@article{ finn:connection,
  author = " Chelsea Finn and
             Paul Christiano and 
             Pieter Abbeel and
             Sergey Levine",
  title = "A Connection between Generative Adversarial Networks, Inverse Reinforcement Learning, and Energy-Based Models", 
  journal = "CoRR",
  volume = "abs/1611.03852",
  month = "November",
  year = "2016",
}

@article{ kaelbling:reinforcement,
  author = "Leslie Pack Kaelbling and
            Michael L. Littman and
            Andrew W. Moore",
  title = "Reinforcement Learning: A Survey",
  journal = "Journal of Artificial Intelligence Research",
  volume = "4",
  number = "1",
  pages = "237--285",
  month = "January",
  year = "1996"
}

@article{ johnson:structured,
  author = "Matthew J. Johnson and
            David Duvenaud and 
            Alexander B Wiltschko and
            Sandeep R Datta and
            Ryan P Adams",
  title = "Composing Graphical Models with Neural Networks for Structured Representations and Fast Inference",
  journal = "CoRR",
  volume = "abs/1603.06277",
  month = "March",
  year = "2016"}
  
@article{ lake:building,
  author = "Brenden M. Lake and
             Tomer D. Ullman and
             Joshua B. Tenenbaum and
             Samuel J. Gershman",
  title = "Building Machines that Learn and Think like People",
  journal = "Behavioral and Brain Sciences",
  volume = "40",
  DOI="10.1017/S0140525X16001837",
  publisher="Cambridge University Press",
  pages="e253",
  year = "2017"}

@inproceedings{ moreno:using,
  author = "David L. Moreno and
            Carlos V. Regueiro and
            Roberto Iglesias and
            Sen{\'e}n Barro",
  title = "Using Prior Knowledge to Improve Reinforcement Learning in Mobile Robotics",
  booktitle = "Proceedings of the Towards Autonomous Robotics Systems (TAROS)",
  year = "2004",
  address = "UK"
}

@inproceedings{ parisotto:actor,
  title = "Actor-Mimic: Deep Multitask and Transfer Reinforcement Learning",
  author = "Emilio Parisotto and Jimmy Ba and Ruslan Salakhutdinov",
  booktitle = "Proceedings of the International Conference on Learning Representations (ICLR)",
  year = "2016",
  address = "Puerto Rico"
}

@inproceedings{ pfau:connecting,
  title = "Connecting Generative Adversarial Networks and Actor-Critic Methods",
  author = "David Pfau and Oriol Vinyals",
  booktitle = "Proceedings of the 30th Neural Information Processing Systems (NIPS) Workshop on Adversarial Training",
  address = "Barcelona, Spain",
  year = 2016
 }
 
@article{ taylor:transfer,
  title = "Transfer Learning for Reinforcement Learning Domains: A Survey",
  author = "Matthew E. Taylor and
            Peter Stone",
  journal = "Journal of Machine Learning Research",
  volume = "10",
  year = "2009",
  pages = "1633-1685",
  month = "July"
}

@article{ taylor:introduction,
  title = "An Introduction to Intertask Transfer for Reinforcement Learning",
  author = "Matthew E. Taylor and
            Peter Stone",
  journal = "AI Magazine",
  volume = "32",
  year = "2011",
  month = "March",
  number = "1",
  pages = "15--34"
}

@article{ zhang:deep,
  title = "Deep Reinforcement Learning with Successor Features for Navigation across Similar Environments",
  author = "Jingwei Zhang and
            Jost Tobias Springenberg and
            Joschka Boedecker and
            Wolfram Burgard",
  journal = "CoRR",
  volume = "abs/1612.05533",
  month = "December",
  year = "2016"
}


@inproceedings{ zhao:learning,
  title = "Learning Hierarchical Features from Deep Generative Models",
  author = "Shengjia Zhao and 
            Jiaming Song and 
            Stefano Ermon",
  booktitle = "Proceedings of the 34th International Conference on Machine Learning",
  pages = "4091--4099",
  year = "2017",
  volume = "70",
  series = 	"Proceedings of Machine Learning Research",
  address = "International Convention Centre, Sydney, Australia",
  month = "August"
}

@article{ mnih:human-level,
  title = "Human-Level Control through Deep Reinforcement Learning",
  author = "Volodymyr Mnih and
            Koray Kavukcuoglu and
            Silver David and
            Andrei A Ruso and
            Joel Veness and
            Marc G Bellemare and
            Alex Graves and
            Martin Riedmiller and
            Andreas K Fidjeland and
            Georg Ostrovski and
            Stig Petersen and
            Charles Beattie and
            Amir Sadik and
            Ioannis Antonoglou and
            Helen King and
            Dharshan Kumaran and
            Daan Wierstra and
            Shane Legg and
            Demis Hassabis",
  journal = "Nature",
  volume = "518",
  month = "February",
  year = "2015",
  pages = "529--533"
}

@inproceedings{ schaul:prioritized,
  author = "Tom Schaul and
            John Quan and
            Ioannis Antonoglou and
            David Silver",
  title = "Prioritized Experience Replay",
  booktitle = "Proceedings of the International Conference on Learning Representations (ICLR)",
  year = "2016",
  location = "Puerto Rico"
}
  
@inproceedings{ fortunato:noisy,
  author = "Meire Fortunato and
            Mohammad Gheshlaghi Axar and
            Bilal Piot and
            Jacob Menick and
            Ian Osband and
            Alex Graves and
            Vlad Mnih and
            Remi Munos and
            Demis Hassabis and
            Olivier Pietquin and
            Charles Blundell and
            Shane Legg",
  title = "Noisy Networks for Exploration",
  booktitle = "Proceedings of the International Conference on Learning Representations (ICLR)",
  year = "2018",
  location = "Vancouver, Canada"
}

@article{ hessel-rainbow,
  author = "Matteo Hessel and
            Joseph Modayil and
            Hado van Hasselt and
            Tom Schaul and
            Georg Ostrovski and
            Will Dabney and
            Daniel Horgan and
            Bilal Piot and
            Mohammad Gheshlaghi Azar and
            David Silver",
  title = "Rainbow: Combining Improvements in Deep Reinforcement Learning",
  journal = "CoRR",
  volume = "abs/1710.02298",
  year = "2017"
}

@inproceedings{ van-hasselt:double,
  author = "Hado van Hasselt and
            Arthur Guez and
            David Silver",
  title = "Deep Reinforcement Learning with Double Q-Learning",
  booktitle = "Proceedings of the 30th AAAI Conference on Artificial Intelligence (AAAI-16)",
  pages = "2094-2100",
  year = "2016",
  location = "Phoenix, Arizona"
}
  
@inproceedings{ sohn:learning,
  author = "Kihyuk Sohn and
            Xinchen Yan and
            Honglak Lee",
  title = "Learning Structured Output Representation using Deep Conditional Generative Models",
  booktitle = "Proceedings of Advances in Neural Information Processing Systems 28 (NIPS 2015)",
  year = "2015",
  location = "Montreal, Canada"
}

@inproceedings{ dumoulin:alearned,
  author = "Vincent Dumoulin and
            Jonathan Shlens and
            Manjunath Kudlur",
  title = "A Learned Representation for Artistic Style",
  booktitle = "Proceedings of 5th International Conference on Learning Representations (ICLR)",
  year = "2017",
  location = "Toulon, France"
}

@inproceedings{ kingma:auto-encoding,
  author = "Diederik P. Kingma and
            Max Welling",
  title = "Auto-Encoding Variational Bayes",
  booktitle = "Proceedings of 2nd International Conference on Learning Representations (ICLR)",
  year = "2014",
  location = "Banff, Canada"
}

@inproceedings{ liu:anIntriguing,
  author = "Rosanne Liu and
            Joel Lehman and
            Piero Molino and
            Felipe Petroski Such and
            Eric Frank and
            Alex Sergeev and
            Jason Yosinski",
  title = "An Intriguing Failing of Convolutional Neural Networks and the CoordConv Solution",
  booktitle = "Proceedings of 32nd Annual Conference on Neural Information Processing Systems (NeurIPS)",
  year = "2018",
  location = "Montreal, Canada"
}
